<?xml version="1.0" encoding="UTF-8"?><collection xmlns="http://www.loc.gov/MARC21/slim"><record><leader>00498nam--2200181-i-4500</leader><controlfield tag="001">000017057</controlfield><controlfield tag="002">20161230</controlfield><controlfield tag="005">20161230201032</controlfield><controlfield tag="008">060222s1000------------r-----000-0-eng-d</controlfield><datafield ind1=" " ind2=" " tag="040"><subfield code="a">IFIN-HH</subfield></datafield><datafield ind1=" " ind2=" " tag="080"><subfield code="a">539.123</subfield></datafield><datafield ind1="1" ind2=" " tag="100"><subfield code="a">Bernstein, Jeremy</subfield></datafield><datafield ind1="1" ind2="0" tag="245"><subfield code="a">The elusive neutrino</subfield><subfield code="c">Jeremy bernstein</subfield></datafield><datafield ind1=" " ind2=" " tag="260"><subfield code="a">Oak Ridge, Tennessee</subfield><subfield code="b">Technical Information Center</subfield><subfield code="c">1969</subfield></datafield><datafield ind1=" " ind2=" " tag="300"><subfield code="a">79 P</subfield></datafield><datafield ind1=" " ind2=" " tag="490"><subfield code="a">The Understanding The Atom Series</subfield></datafield><datafield ind1=" " ind2=" " tag="852"><subfield code="a">42859</subfield><subfield code="c">539.12</subfield></datafield><datafield ind1=" " ind2=" " tag="CAT"><subfield code="a">Sys</subfield><subfield code="c">20111124</subfield><subfield code="h">144152</subfield></datafield></record></collection>